<record xmlns="http://www.loc.gov/MARC21/slim" xmlns:xsi="http://www.w3.org/2001/XMLSchema-instance" xsi:schemaLocation="http://www.loc.gov/MARC21/slim http://www.loc.gov/standards/marcxml/schema/MARC21slim.xsd"><leader>     nam a22        4500</leader><controlfield tag="001">4975230</controlfield><controlfield tag="003">NNC</controlfield><controlfield tag="006">m        d        </controlfield><controlfield tag="007">cr cn |||m|||a</controlfield><controlfield tag="008">150601s1929    ua      o     000 0 araod</controlfield><datafield ind1=" " ind2=" " tag="040"><subfield code="a">NNU</subfield><subfield code="b">eng</subfield><subfield code="e">rda</subfield><subfield code="c">NNU</subfield></datafield><datafield ind1="1" ind2=" " tag="100"><subfield code="6">880-01</subfield><subfield code="a">Is&#803;baha&#772;ni&#772;, Abu&#772; Mu&#772;sa&#769; Muh&#803;ammad ibn &#699;Umar,</subfield><subfield code="d">1108-1185.</subfield></datafield><datafield ind1="1" ind2="0" tag="245"><subfield code="6">880-02</subfield><subfield code="a">Khas&#803;a&#772;&#700;is&#803; al-Musnad.</subfield></datafield><datafield ind1=" " ind2=" " tag="260"><subfield code="6">880-03</subfield><subfield code="a">Cairo,</subfield><subfield code="c">1347 A.H., 1929.</subfield></datafield><datafield ind1=" " ind2=" " tag="300"><subfield code="a">online resource (47 pages)</subfield></datafield><datafield ind1=" " ind2=" " tag="336"><subfield code="a">text</subfield><subfield code="2">rdacontent</subfield></datafield><datafield ind1=" " ind2=" " tag="337"><subfield code="a">computer</subfield><subfield code="2">rdamedia</subfield></datafield><datafield ind1=" " ind2=" " tag="338"><subfield code="a">online resource</subfield><subfield code="2">rdacarrier</subfield></datafield><datafield ind1=" " ind2=" " tag="500"><subfield code="a">On the Musnad of Ibn Hanbal.</subfield></datafield><datafield ind1=" " ind2=" " tag="500"><subfield code="a">Part of the Arabic Collections Online (ACO) project, contributed by Columbia University Libraries.</subfield></datafield><datafield ind1=" " ind2=" " tag="533"><subfield code="a">Electronic reproduction.</subfield><subfield code="b">New York, N.Y. :</subfield><subfield code="c">New York University,</subfield><subfield code="d">2015.</subfield><subfield code="5">NNU</subfield></datafield><datafield ind1="1" ind2="0" tag="600"><subfield code="6">880-04</subfield><subfield code="a">Ibn H&#803;anbal, Ah&#803;mad ibn Muh&#803;ammad,</subfield><subfield code="d">780-855.</subfield><subfield code="t">Musnad.</subfield></datafield><datafield ind1="0" ind2="7" tag="630"><subfield code="a">Musnad (Ibn H&#803;anbal, Ah&#803;mad ibn Muh&#803;ammad)</subfield><subfield code="2">fast</subfield><subfield code="0">(OCoLC)fst01367137</subfield></datafield><datafield ind1="2" ind2=" " tag="710"><subfield code="a">Columbia University.</subfield><subfield code="b">Libraries.</subfield></datafield><datafield ind1="0" ind2=" " tag="730"><subfield code="a">Arabic Collections Online.</subfield></datafield><datafield ind1="0" ind2="8" tag="776"><subfield code="i">Print version:</subfield><subfield code="a">Is&#803;baha&#772;ni&#772;, Abu&#772; Mu&#772;sa&#769; Muh&#803;ammad ibn &#699;Umar, 1108-1185.</subfield><subfield code="t">Khas&#803;a&#772;&#700;is&#803; al-Musnad</subfield><subfield code="w">(NNC)4975230</subfield><subfield code="w">(OCoLC)57209561</subfield></datafield><datafield ind1="4" ind2="0" tag="856"><subfield code="u">http://hdl.handle.net/2333.1/bnzs7kgt</subfield></datafield><datafield ind1="1" ind2=" " tag="880"><subfield code="6">100-01/r</subfield><subfield code="a">&#1575;&#1589;&#1576;&#1607;&#1575;&#1606;&#1610;&#1548; &#1575;&#1576;&#1608; &#1605;&#1608;&#1587;&#1609; &#1605;&#1581;&#1605;&#1583; &#1576;&#1606; &#1593;&#1605;&#1585;&#1548;</subfield><subfield code="d">1108-1185.</subfield></datafield><datafield ind1="1" ind2="0" tag="880"><subfield code="6">245-02/r</subfield><subfield code="a">&#1582;&#1589;&#1575;&#1574;&#1589; &#1575;&#1604;&#1605;&#1587;&#1606;&#1583;.</subfield></datafield><datafield ind1=" " ind2=" " tag="880"><subfield code="6">260-03/r</subfield><subfield code="a">&#1575;&#1604;&#1602;&#1575;&#1607;&#1585;&#1577;&#1548;</subfield><subfield code="c">1347 &#1575;.&#1607;.&#1548; 1929.</subfield></datafield><datafield ind1="1" ind2="4" tag="880"><subfield code="6">600-04/r</subfield><subfield code="a">&#1575;&#1576;&#1606; &#1581;&#1606;&#1576;&#1604;&#1548; &#1575;&#1581;&#1605;&#1583; &#1576;&#1606; &#1605;&#1581;&#1605;&#1583;&#1548;</subfield><subfield code="d">780-855.</subfield><subfield code="t">&#1605;&#1587;&#1606;&#1583;.</subfield></datafield><datafield ind1=" " ind2=" " tag="959"><subfield code="a">NNU</subfield><subfield code="b">WEB</subfield><subfield code="c">GENI</subfield><subfield code="t">0</subfield><subfield code="m">Electronic access</subfield><subfield code="s">01</subfield></datafield><datafield ind1=" " ind2=" " tag="999"><subfield code="i">NNC_4975230</subfield><subfield code="o">(OCoLC)ocm57209561</subfield><subfield code="s">columbia_aco000596</subfield><subfield code="e">(ERROR-880)</subfield><subfield code="s">columbia_aco000596</subfield></datafield></record>